@InProceedings{Athuraliya01:Emprical,
  author =	 {Sanjeewa Athuraliya and Steven H. Low},
  title =	 {An Emprical Validation of a Duality Model of {TCP}
                  and Queue Management Algorithms},
  booktitle =	 {Proceedings of Winter Simulation Conference},
  pages =	 {1269--1274},
  year =	 2001,
  month =	 dec
}

@Article{Kumar98:LossyLink,
  author =	 {Anurag Kumar},
  title =	 {Comparative performance analysis of versions of
                  {TCP} in a local network with a lossy link},
  journal =	 {IEEE/ACM Transactions on Networking},
  year =	 1998,
  volume =	 6,
  number =	 4,
  pages =	 {485--498},
}

@Misc{NS2,
  title =	 {The network simulator -- ns2},
  note =	 {available at \url{http://www.isi.edu/nsnam/ns/}}
}
